<?xml version="1.0" encoding="UTF-8"?><collection xmlns="http://www.loc.gov/MARC21/slim"><record><leader>00559nam--2200193-i-4500</leader><controlfield tag="001">000045117</controlfield><controlfield tag="002">20161230</controlfield><controlfield tag="005">20161230201044</controlfield><controlfield tag="008">060222s1000------------r-----000-0-eng-d</controlfield><datafield ind1=" " ind2=" " tag="020"><subfield code="a">997195074X</subfield></datafield><datafield ind1=" " ind2=" " tag="040"><subfield code="a">IFIN-HH</subfield></datafield><datafield ind1=" " ind2=" " tag="080"><subfield code="a">539.12.162.8(061.3)</subfield></datafield><datafield ind1="1" ind2=" " tag="100"><subfield code="a">Eguchi, T</subfield></datafield><datafield ind1="1" ind2="0" tag="245"><subfield code="a">Topical symposium on high energy physics</subfield><subfield code="b">Tokyo, japan 7-11 september, 1982</subfield><subfield code="c">T. eguchi, y. yamaguchi (eds.)</subfield></datafield><datafield ind1=" " ind2=" " tag="260"><subfield code="a">Singapore</subfield><subfield code="b">World Scientific</subfield><subfield code="c">1983</subfield></datafield><datafield ind1=" " ind2=" " tag="300"><subfield code="a">VI + 391P</subfield></datafield><datafield ind1="1" ind2=" " tag="700"><subfield code="a">Yamaguchi,Y</subfield></datafield><datafield ind1=" " ind2=" " tag="852"><subfield code="a">79151</subfield><subfield code="c">539.131</subfield></datafield><datafield ind1=" " ind2=" " tag="CAT"><subfield code="a">Sys</subfield><subfield code="c">20120314</subfield><subfield code="h">161802</subfield></datafield></record></collection>